<record><leader>00000cas a22000007a 4500</leader><controlfield tag="001">26964183</controlfield><controlfield tag="008">921112d19911991okuwr ne      0   a0eng c</controlfield><datafield ind1=" " ind2=" " tag="010"><subfield code="a">sn 92006607 </subfield></datafield><datafield ind1=" " ind2=" " tag="040"><subfield code="a">NSD</subfield><subfield code="b">eng</subfield><subfield code="c">NSD</subfield><subfield code="d">OBN</subfield><subfield code="d">OCLCQ</subfield><subfield code="d">OCLCF</subfield><subfield code="d">OCLCO</subfield></datafield><datafield ind1="1" ind2=" " tag="022"><subfield code="a">1066-4874</subfield><subfield code="l">1066-4874</subfield><subfield code="2">1</subfield></datafield><datafield ind1="1" ind2=" " tag="029"><subfield code="a">AU@</subfield><subfield code="b">000020718830</subfield></datafield><datafield ind1=" " ind2=" " tag="037"><subfield code="b">Retherford Publications, Inc., 221 E. Cherokee, Wagoner, OK 74477-4703</subfield></datafield><datafield ind1=" " ind2=" " tag="042"><subfield code="a">nsdp</subfield><subfield code="a">pcc</subfield></datafield><datafield ind1=" " ind2="0" tag="222"><subfield code="a">Wagoner record-tribune</subfield></datafield><datafield ind1="0" ind2="0" tag="245"><subfield code="a">Wagoner record-tribune.</subfield></datafield><datafield ind1="3" ind2="0" tag="246"><subfield code="a">Wagoner record tribune</subfield></datafield><datafield ind1=" " ind2=" " tag="260"><subfield code="a">Wagoner, Okla. :</subfield><subfield code="b">Retherford Publications</subfield></datafield><datafield ind1=" " ind2=" " tag="300"><subfield code="a">v.</subfield></datafield><datafield ind1=" " ind2=" " tag="310"><subfield code="a">Weekly</subfield></datafield><datafield ind1="0" ind2=" " tag="362"><subfield code="a">Vol. 99, no. 13 (Aug. 8, 1991)-v. 99, no. 15 (Aug. 22, 1991).</subfield></datafield><datafield ind1=" " ind2="0" tag="651"><subfield code="a">Wagoner (Okla.)</subfield><subfield code="v">Newspapers.</subfield></datafield><datafield ind1=" " ind2="0" tag="651"><subfield code="a">Wagoner County (Okla.)</subfield><subfield code="v">Newspapers.</subfield></datafield><datafield ind1=" " ind2="7" tag="655"><subfield code="a">Newspapers.</subfield><subfield code="2">fast</subfield><subfield code="0">(OCoLC)fst01423814</subfield></datafield><datafield ind1=" " ind2="7" tag="651"><subfield code="a">Oklahoma</subfield><subfield code="z">Wagoner.</subfield><subfield code="2">fast</subfield><subfield code="0">(OCoLC)fst01208619</subfield></datafield><datafield ind1=" " ind2="7" tag="651"><subfield code="a">Oklahoma</subfield><subfield code="z">Wagoner County.</subfield><subfield code="2">fast</subfield><subfield code="0">(OCoLC)fst01208618</subfield></datafield><datafield ind1=" " ind2=" " tag="752"><subfield code="a">United States</subfield><subfield code="b">Oklahoma</subfield><subfield code="c">Wagoner</subfield><subfield code="d">Wagoner.</subfield></datafield><datafield ind1="0" ind2="4" tag="780"><subfield code="t">Wagoner record-democrat</subfield><subfield code="w">(DLC)sn 96087812</subfield><subfield code="w">(OCoLC)20556364</subfield></datafield><datafield ind1="0" ind2="4" tag="780"><subfield code="t">Wagoner tribune (Wagoner, Okla. : 1920)</subfield><subfield code="w">(DLC)sn 8303372</subfield><subfield code="w">(OCoLC)10092982</subfield></datafield><datafield ind1="0" ind2="0" tag="785"><subfield code="t">Wagoner tribune (Wagoner, Okla. : 1991)</subfield><subfield code="w">(DLC)sn 9206608</subfield><subfield code="w">(OCoLC)26968889</subfield></datafield></record>